
@inproceedings{ZhangZSLWY14,
	author    = {Ying Zhang and
	Ning Zhang and
	Luo Si and
	Yanshan Lu and
	Qifan Wang and
	Xiaojie Yuan},
	title     = {Cross-domain and cross-category emotion tagging for comments of online
	news},
	booktitle = {The 37th International {ACM} {SIGIR} Conference on Research and Development
	in Information Retrieval},
	pages     = {627--636},
	year      = {2014},
}
@article{greenwade93,
    author  = "George D. Greenwade",
    title   = "The {C}omprehensive {T}ex {A}rchive {N}etwork ({CTAN})",
    year    = "1993",
    journal = "TUGBoat",
    volume  = "14",
    number  = "3",
    pages   = "342--351"
}

@inproceedings{zhang2012emotion,
  title={Emotion tagging for comments of online news by meta classification with heterogeneous information sources},
  author={Zhang, Y. and Fang, Y. and Quan, X. and Dai, L. and Si, L. and Yuan, X.},
  booktitle={Proceedings of the 35th international ACM SIGIR conference on Research and development in information retrieval},
  pages={1059--1060},
  year={2012},
  organization={ACM}
}

@article{fang2011discriminative,
  title={Discriminative probabilistic models for expert search in heterogeneous information sources},
  author={Fang, Y. and Si, L. and Mathur, A.P.},
  journal={Information Retrieval},
  volume={14},
  number={2},
  pages={158--177},
  year={2011},
  publisher={Springer}
}

@article{bao2011mining,
  title={Mining Social Emotions from Affective Text},
  author={Bao, S. and Xu, S. and Zhang, L. and Yan, R. and Su, Z. and Han, D. and Yu, Y.},
  journal={IEEE Transactions on Knowledge and Data Engineering},
  number={99},
  pages={1--1},
  year={2011},
  publisher={IEEE}
}

@inproceedings{bao2009joint,
  title={Joint Emotion-Topic Modeling for Social Affective Text Mining},
  author={Bao, S. and Xu, S. and Zhang, L. and Yan, R. and Su, Z. and Han, D. and Yu, Y.},
  booktitle={Data Mining, 2009. ICDM'09. Ninth IEEE International Conference on},
  pages={699--704},
  year={2009},
  organization={Ieee}
}

@inproceedings{alm2005emotions,
  title={Emotions from text: machine learning for text-based emotion prediction},
  author={Alm, C.O. and Roth, D. and Sproat, R.},
  booktitle={Proceedings of the conference on Human Language Technology and Empirical Methods in Natural Language Processing},
  pages={579--586},
  year={2005},
  organization={Association for Computational Linguistics}
}

@article{das2010sentenceBengali,
  title={Sentence to Document Level Emotion Tagging--A Coarse-grained Study on Bengali Blogs},
  author={Das, D. and Bandyopadhyay, S.},
  journal={Advances in Pattern Recognition},
  pages={332--341},
  year={2010},
  publisher={Springer}
}

@book{bishop2006pattern,
  title={Pattern recognition and machine learning},
  author={Bishop, C.M. and SpringerLink (Service en ligne)},
  volume={4},
  year={2006},
  publisher={springer New York}
}

@inproceedings{yang2007emotion,
  title={Emotion classification using web blog corpora},
  author={Yang, C. and Lin, K.H.Y. and Chen, H.H.},
  booktitle={Web Intelligence, IEEE/WIC/ACM International Conference on},
  pages={275--278},
  year={2007},
  organization={Ieee}
}

@inproceedings{lin2007emotions,
  title={What emotions do news articles trigger in their readers?},
  author={Lin, K.H.Y. and Yang, C. and Chen, H.H.},
  booktitle={Proceedings of the 30th annual international ACM SIGIR conference on Research and development in information retrieval},
  pages={733--734},
  year={2007},
  organization={ACM}
}

@inproceedings{lin2008emotion,
  title={Emotion classification of online news articles from the reader's perspective},
  author={Lin, K.H.Y. and Yang, C. and Chen, H.H.},
  booktitle={Web Intelligence and Intelligent Agent Technology, 2008. WI-IAT'08. IEEE/WIC/ACM International Conference on},
  volume={1},
  pages={220--226},
  year={2008},
  organization={IEEE}
}
	
@article{akaike1974new,
  title={A new look at the statistical model identification},
  author={Akaike, H.},
  journal={Automatic Control, IEEE Transactions on},
  volume={19},
  number={6},
  pages={716--723},
  year={1974},
  publisher={Ieee}
}

@book{mclachlan2000finite,
  title={Finite mixture models},
  author={McLachlan, G.J. and Peel, D.},
  volume={299},
  year={2000},
  publisher={Wiley-Interscience}
}

@article{jordan2002discriminative,
  title={On discriminative vs. generative classifiers: A comparison of logistic regression and naive bayes},
  author={Jordan, A.},
  journal={Advances in neural information processing systems},
  volume={14},
  pages={841},
  year={2002}
}

@inproceedings{nallapati2004discriminative,
  title={Discriminative models for information retrieval},
  author={Nallapati, R.},
  booktitle={Proceedings of the 27th annual international ACM SIGIR conference on Research and development in information retrieval},
  pages={64--71},
  year={2004},
  organization={ACM}
}

@article{dempster1977maximum,
  title={Maximum likelihood from incomplete data via the EM algorithm},
  author={Dempster, A.P. and Laird, N.M. and Rubin, D.B.},
  journal={Journal of the Royal Statistical Society. Series B (Methodological)},
  pages={1--38},
  year={1977},
  publisher={JSTOR}
}

@inproceedings{mullen2004sentiment,
  title={Sentiment analysis using support vector machines with diverse information sources},
  author={Mullen, T. and Collier, N.},
  booktitle={Proceedings of EMNLP},
  volume={4},
  pages={412--418},
  year={2004}
}

@article{pang2008opinion,
  title={Opinion mining and sentiment analysis},
  author={Pang, B. and Lee, L.},
  journal={Foundations and Trends in Information Retrieval},
  volume={2},
  number={1-2},
  pages={1--135},
  year={2008},
  publisher={Now Publishers Inc.}
}

@article{hu2005new,
  title={A new method for sentiment classification in text retrieval},
  author={Hu, Y. and Duan, J. and Chen, X. and Pei, B. and Lu, R.},
  journal={Natural Language Processing--IJCNLP 2005},
  pages={1--9},
  year={2005},
  publisher={Springer}
}

@inproceedings{pang2002thumbs,
  title={Thumbs up?: sentiment classification using machine learning techniques},
  author={Pang, B. and Lee, L. and Vaithyanathan, S.},
  booktitle={Proceedings of the ACL-02 conference on Empirical methods in natural language processing-Volume 10},
  pages={79--86},
  year={2002},
  organization={Association for Computational Linguistics}
}

@inproceedings{das2009word,
  title={Word to sentence level emotion tagging for Bengali blogs},
  author={Das, D. and Bandyopadhyay, S.},
  booktitle={Proceedings of the ACL-IJCNLP 2009 Conference Short Papers},
  pages={149--152},
  year={2009},
  organization={Association for Computational Linguistics}
}

@article{das2010sentence,
  title={Sentence Level Emotion Tagging on Blog and News Corpora},
  author={Das, D. and Bandyopadhyay, S.},
  journal={Journal of Intelligent System},
  volume={19},
  number={2},
  year={2010}
}

@inproceedings{tokuhisa2008emotion,
  title={Emotion classification using massive examples extracted from the web},
  author={Tokuhisa, R. and Inui, K. and Matsumoto, Y.},
  booktitle={Proceedings of the 22nd International Conference on Computational Linguistics-Volume 1},
  pages={881--888},
  year={2008},
  organization={Association for Computational Linguistics}
}

@inproceedings{dong2003hownet,
  title={HowNet-a hybrid language and knowledge resource},
  author={Dong, Z. and Dong, Q.},
  booktitle={Natural Language Processing and Knowledge Engineering, 2003. Proceedings. 2003 International Conference on},
  pages={820--824},
  year={2003},
  organization={IEEE}
}

@inproceedings{ku2006tagging,
  title={Tagging heterogeneous evaluation corpora for opinionated tasks},
  author={Ku, L.W. and Liang, Y.T. and Chen, H.H.},
  booktitle={Conference on Language Resources and Evaluation (LREC)},
  year={2006}
}

@inproceedings{zhang2003hhmm,
  title={HHMM-based Chinese lexical analyzer ICTCLAS},
  author={Zhang, H.P. and Yu, H.K. and Xiong, D.Y. and Liu, Q.},
  booktitle={Proceedings of the second SIGHAN workshop on Chinese language processing-Volume 17},
  pages={184--187},
  year={2003},
  organization={Association for Computational Linguistics}
}

@article{ekman1992argument,
  title={An argument for basic emotions},
  author={Ekman, Paul},
  journal={Cognition \& Emotion},
  volume={6},
  number={3-4},
  pages={169--200},
  year={1992},
  publisher={Taylor \& Francis}
}

@inproceedings{aman2008using,
  title={Using Roget's thesaurus for fine-grained emotion recognition},
  author={Aman, Saima and Szpakowicz, Stan},
  booktitle={Proceedings of the Third International Joint Conference on Natural Language Processing},
  pages={296--302},
  year={2008}
}

@inproceedings{liu2003model,
  title={A model of textual affect sensing using real-world knowledge},
  author={Liu, Hugo and Lieberman, Henry and Selker, Ted},
  booktitle={Proceedings of the 8th international conference on Intelligent user interfaces},
  pages={125--132},
  year={2003},
  organization={ACM}
}

@inproceedings{neviarouskaya2007narrowing,
  title={Narrowing the Social Gap among People Involved in Global Dialog: Automatic Emotion Detection in Blog Posts.},
  author={Neviarouskaya, Alena and Prendinger, Helmut and Ishizuka, Mitsuru},
  booktitle={ICWSM},
  year={2007},
  organization={Citeseer}
}

@inproceedings{chaumartin2007upar7,
  title={UPAR7: A knowledge-based system for headline sentiment tagging},
  author={Chaumartin, Fran{\c{c}}ois-R{\'e}gis},
  booktitle={Proceedings of the 4th International Workshop on Semantic Evaluations},
  pages={422--425},
  year={2007},
  organization={Association for Computational Linguistics}
}

@inproceedings{kozareva2007ua,
  title={UA-ZBSA: a headline emotion classification through web information},
  author={Kozareva, Zornitsa and Navarro, Borja and V{\'a}zquez, Sonia and Montoyo, Andr{\'e}s},
  booktitle={Proceedings of the 4th International Workshop on Semantic Evaluations},
  pages={334--337},
  year={2007},
  organization={Association for Computational Linguistics}
}

@inproceedings{katz2007swat,
  title={Swat-mp: the semeval-2007 systems for task 5 and task 14},
  author={Katz, Phil and Singleton, Matthew and Wicentowski, Richard},
  booktitle={Proceedings of the 4th International Workshop on Semantic Evaluations},
  pages={308--313},
  year={2007},
  organization={Association for Computational Linguistics}
}

@article{roget1852,
  title={Roget’s Thesaurus of English Words and Phrases},
  author={Peter Mark Roget},
  journal={Harlow, Essex, England: Longman Group Limited},
  year={1852}
}

@inproceedings{strapparava2008learning,
  title={Learning to identify emotions in text},
  author={Strapparava, Carlo and Mihalcea, Rada},
  booktitle={Proceedings of the 2008 ACM symposium on Applied computing},
  pages={1556--1560},
  year={2008},
  organization={ACM}
}

@inproceedings{yang2007building,
  title={Building emotion lexicon from weblog corpora},
  author={Yang, Changhua and Lin, Kevin Hsin-Yih and Chen, Hsin-Hsi},
  booktitle={Proceedings of the 45th Annual Meeting of the ACL on Interactive Poster and Demonstration Sessions},
  pages={133--136},
  year={2007},
  organization={Association for Computational Linguistics}
}

@inproceedings{mishne2006capturing,
  title={Capturing Global Mood Levels using Blog Posts.},
  author={Mishne, Gilad and de Rijke, Maarten},
  booktitle={AAAI Spring Symposium: Computational Approaches to Analyzing Weblogs},
  pages={145--152},
  year={2006}
}

@inproceedings{binali2012emotion,
  title={Emotion detection state of the art},
  author={Binali, Haji and Potdar, Vidyasagar},
  booktitle={Proceedings of the CUBE International Information Technology Conference},
  pages={501--507},
  year={2012},
  organization={ACM}
}